\RequirePackage{filecontents}
\begin{filecontents}{bibFile.bib}
@incollection{birnbaum1968,
  title={Some latent trait models and their use in inferring an examinee's ability},
  author={Birnbaum, A},
  booktitle={Statistical theories of mental test scores},
  editor ={Lord, F M and Novick, R},
  year={1968},
  publisher={Addison-Wesley Publishing}, 
  address = {Reading:MA}
}
@inproceedings{pauci,
  title={Pauci sed boni: An Item Response Theory Approach for Shortening Tests},
  author={Epifania, Ottavia M and Anselmi, Pasquale and Robusto, Egidio},
  booktitle={The Annual Meeting of the Psychometric Society},
  pages={75--83},
  year={2022},
  organization={Springer}, 
  doi={https://doi.org/10.1007/978-3-031-27781-8_7}
}
 @Manual{rsoft,
    title = {R: A Language and Environment for Statistical Computing},
    author = {{R Core Team}},
    organization = {R Foundation for Statistical Computing},
    address = {Vienna, Austria},
    year = {2022},
    url = {https://www.R-project.org/},
  }
\end{filecontents}